1904 3346
299 251 339 292 iv
717 232 1033 295 MONITUM
1067 253 1362 295 LECTORI.

383 366 568 412 Ultimo
619 366 723 412 loco
769 367 973 427 ponendi
1019 358 1128 413 sunt
1175 369 1458 415 recentiores
1506 368 1766 430 Scriptores

303 449 502 496 Photius
530 456 579 496 et
606 450 926 504 OEcumenius,
951 451 1000 495 in
1025 466 1118 510 qua
1141 450 1240 497 sola
1262 457 1397 512 parte
1421 451 1584 498 Codex
1608 457 1767 498 noster

302 550 411 580 cum
448 534 586 579 editis
632 533 823 579 Catenis
867 534 1115 594 conspirat,
1154 550 1261 594 quae
1303 534 1446 596 vulgo
1486 535 1766 581 OEcumenio

301 617 481 663 auctori
505 616 857 662 adscribuntur:
891 618 972 663 sed
991 617 1108 663 falso
1127 624 1183 663 ut
1207 620 1398 679 opinor3
1428 635 1537 664 cum
1561 620 1661 680 ejus
1684 635 1767 664 no-

301 716 412 747 men
446 700 539 746 huc
571 706 620 745 et
654 699 767 745 illuc
791 705 979 745 tantum
1010 701 1059 745 in
1083 701 1293 762 margine
1317 701 1603 762 optimorum
1627 701 1768 747 Codi-

302 800 410 830 cum
434 785 721 844 adscriptum
745 783 945 844 legatur.

370 868 485 914 Non
525 883 657 928 aeque
698 866 900 912 feliciter
940 882 1014 912 res
1059 867 1194 913 nobis
1239 869 1380 914 cessit
1421 869 1575 928 quoad
1615 868 1768 914 Inter-

300 954 457 1010 pretes
502 949 551 993 in
592 949 845 994 secundam
883 948 1147 1009 Epistolam
1187 950 1246 995 ad
1282 950 1566 998 Corinthios.
1638 950 1767 996 Nam

302 1030 499 1076 Codices
545 1029 823 1090 plerumque
874 1046 981 1075 cum
1019 1031 1171 1077 Editis
1218 1032 1346 1078 libris
1392 1034 1655 1079 consentire
1700 1033 1770 1079 in-

301 1113 431 1159 venti
466 1118 588 1166 sunt,
615 1117 664 1158 et
686 1128 851 1173 parum
876 1114 1000 1173 quod
1035 1115 1145 1159 novi
1181 1120 1304 1160 esset
1333 1116 1589 1161 continere.
1661 1115 1770 1161 Me-

300 1196 389 1242 lior
411 1196 707 1257 aliquantum
730 1211 824 1256 prae
849 1196 1017 1242 ceteris
1041 1202 1184 1257 atque
1208 1198 1469 1243 accuratior
1490 1198 1625 1244 nobis
1643 1200 1768 1245 visus

301 1285 374 1325 est
398 1279 563 1325 Codex
582 1278 700 1340 Reg.
727 1282 836 1333 223,
866 1279 945 1339 qui
970 1284 1042 1324 est
1065 1279 1262 1324 membr.
1287 1285 1429 1340 atque
1451 1296 1595 1326 manu
1617 1281 1769 1327 Theo-

300 1363 480 1424 pempti
517 1362 729 1408 Lectoris
765 1376 886 1407 anno
912 1361 1021 1407 Chr.
1050 1364 1177 1407 1045
1203 1368 1435 1409 exaratus.
1505 1363 1553 1409 Is
1576 1365 1767 1424 quidem

300 1445 651 1491 OEcumenianae
686 1450 757 1490 est
792 1444 993 1497 familiae,
1029 1449 1078 1489 et
1115 1444 1304 1490 Scholia
1335 1446 1491 1505 potius
1523 1462 1665 1506 quam
1687 1447 1766 1507 ju-

301 1534 422 1574 stam
454 1527 684 1573 Catenam
722 1542 748 1571 e
782 1525 1003 1572 Patribus
1038 1532 1315 1572 contextam
1352 1529 1524 1574 referre
1567 1530 1767 1575 videtur.

300 1609 620 1655 Adhibuimus
654 1615 879 1669 praeterea
916 1608 1187 1669 Specimina
1210 1611 1424 1670 quaedam
1459 1626 1485 1656 e
1510 1611 1625 1657 Cod.
1653 1610 1765 1657 216.

300 1693 379 1753 qui
415 1692 611 1738 membr.
637 1698 723 1745 est,
751 1691 863 1737 olim
899 1691 1148 1737 Mediceus
1184 1698 1232 1737 et
1268 1692 1442 1739 saeculo
1478 1693 1662 1740 decimo
1697 1694 1768 1740 in-

302 1782 445 1822 eunte
481 1781 711 1828 exaratus,
749 1780 797 1820 et
833 1774 944 1820 licet
985 1775 1196 1834 ejusdem
1237 1775 1423 1821 familiae
1461 1792 1568 1822 cum
1599 1778 1766 1838 priore,

303 1865 464 1904 tamen
487 1858 536 1903 in
560 1857 723 1902 multis
747 1857 956 1902 diversus
980 1857 1093 1903 abit.

369 1941 587 2000 Denique
609 1939 894 1986 contulimus
923 1955 1031 1985 cum
1056 1940 1195 1985 editis
1218 1940 1484 1987 OEcumenii
1508 1943 1588 2002 qui
1612 1942 1768 1987 ferun-

300 2030 379 2069 tur
401 2023 748 2069 commentariis
779 2023 827 2067 in
863 2023 995 2068 binas
1029 2022 1266 2083 Epistolas
1301 2023 1360 2069 ad
1385 2023 1652 2069 Corinthios
1687 2039 1768 2070 an-

300 2106 615 2166 tiquissimum
663 2110 712 2150 et
760 2105 949 2165 optimae
1006 2110 1129 2150 notae
1177 2105 1401 2151 Codicem
1448 2105 1765 2151 Bodleianum

300 2188 444 2234 Auct.
469 2187 522 2232 T.
547 2187 585 2232 I.
612 2190 656 2237 7.
682 2187 794 2232 olim
820 2185 1117 2233 Meermann.
1143 2203 1169 2232 e
1205 2190 1335 2247 cujus
1369 2189 1579 2249 margine
1614 2188 1767 2234 multa

301 2270 617 2330 supplevimus
663 2275 805 2329 atque
852 2271 1139 2315 correximus
1185 2270 1234 2314 in
1286 2270 1404 2315 libro
1446 2270 1590 2316 Paris.
1638 2272 1765 2316 edito

301 2353 428 2399 Ann.
457 2352 598 2399 1631.
625 2355 703 2412 qui
727 2353 939 2413 plurimis
964 2352 1194 2398 erroribus
1219 2352 1511 2412 depravatur.

367 2436 577 2481 Paucula
607 2437 797 2496 iusuper
830 2436 1085 2496 adjecimus
1117 2451 1143 2480 e
1168 2435 1282 2480 Cod.
1310 2435 1411 2480 Roe
1438 2434 1515 2481 16.
1541 2437 1621 2496 qui
1646 2437 1767 2496 ejus-

302 2519 410 2564 dem
434 2525 506 2564 est
541 2518 728 2563 familiae
760 2534 868 2563 cum
904 2519 1069 2579 priore,
1095 2519 1177 2564 sed
1212 2524 1372 2563 tamen
1395 2518 1627 2579 discrepat
1650 2533 1766 2564 non-

300 2601 442 2646 nullis
473 2601 522 2645 in
550 2600 677 2653 locis,
703 2600 841 2659 quod,
867 2605 921 2645 ut
943 2600 1044 2659 jam
1069 2601 1227 2646 notavi
1253 2599 1321 2657 (in
1346 2599 1479 2645 Praef.
1505 2601 1563 2646 ad
1589 2600 1692 2646 Cat.
1717 2601 1765 2645 in

303 2684 353 2729 S.
376 2683 520 2729 Matt.
547 2683 632 2728 Ev.
657 2698 701 2743 p.
726 2684 824 2744 xv.)
858 2684 915 2728 de
953 2687 1055 2728 toto
1090 2682 1180 2728 hoc
1214 2682 1443 2728 Codicum
1478 2698 1650 2743 genere
1689 2698 1765 2727 ve-

301 2781 406 2810 rum
431 2771 516 2810 est.
