1942 3354
450 236 627 274 SUPPL.
657 236 728 273 ET
758 237 878 273 VAR.
912 236 1066 274 LECT.
1096 236 1130 273 E
1160 236 1280 274 COD.
1313 235 1473 274 BODL.
1621 234 1696 270 461

288 344 454 401 Ἐπειδὴ
483 343 562 407 ’γὰρ
601 344 638 391 ἓν
677 349 728 408 τῇ
766 343 893 406 σοφίᾳ
930 349 998 390 τοῦ
1039 347 1143 390 Θεοῦ
1178 343 1384 390 τουτέστιν
1424 346 1475 406 τῇ
1515 341 1580 388 διὰ
1618 346 1690 387 τῶν

220 422 464 482 κτισμάτων.
509 424 560 468 C.
587 419 735 479 σοφίαν
758 420 1001 478 ἐπιζητοῦσι.
1040 425 1097 467 D.
1123 425 1287 477 κλητοῖς
1311 418 1378 466 καὶ
1402 418 1553 482 εὖρισκ.

285 513 384 557 427,
426 502 480 545 A.
529 495 749 544 σκάνδαλόν
795 497 883 544 ἔστι
931 497 1074 544 δοκοῦν.
1141 502 1195 543 Β.
1246 497 1351 554 πλὴν
1396 503 1477 549 τοῖς
1524 501 1688 552 κλητοῖς

220 575 341 622 δοκεῖ.

285 658 386 710 428,
411 655 463 699 C.
500 651 636 698 ε’πισκ.
674 650 742 698 καῖ
769 651 1007 715 προσέχετε.
1056 656 1115 696 D.
1154 650 1326 713 εὐγενεῖς
1359 648 1724 703 πεπιστευκότες.5

219 729 325 776 -οἷ
343 727 578 781 πεπεικότες
602 728 777 781 ἑαυτούς.

287 824 389 868 429,
412 811 467 852 A.
491 804 581 858 τοὺς
606 805 788 859 δυνατοὺς
813 806 854 853 δὲ
878 806 1009 852 ἀπωσ.
1054 809 1106 851 Β.
1132 801 1193 852 ἵνα
1214 804 1354 870 παύσῃ
1378 804 1469 856 τοῦς
1492 803 1691 862 ἀλαζόνας

222 882 291 930 καῖ
314 889 384 930 τοῦ
407 904 492 944 νομ.

287 979 387 1022 430,
419 965 473 1007 A.
511 956 562 1012 ὥς
596 967 735 1018 φησιν·
773 959 953 1017 ε’ποῖησεν
989 958 1280 1021 ἡμᾶςσοφοὺς
1311 957 1379 1005 καὶ
1414 959 1489 1006 δικ.
1549 962 1600 1005 C.
1634 959 1692 1011 εἷς

222 1037 359 1084 ἑαυτὸν
381 1045 602 1099 καυχᾶται.
659 1041 717 1084 D.
742 1035 862 1099 μωροὶ
886 1037 1167 1099 ἐξελέχθησαν.
1711 1054 1757 1079 10

288 1134 390 1177 431,
432 1118 482 1161 C.
528 1112 621 1166 τοῦς
665 1112 756 1176 παρ’
795 1113 931 1166 αῦτοῖς
971 1112 1240 1174 φιλοσόφους.
1306 1119 1365 1161 D.
1412 1114 1603 1178 προεξένει
1651 1135 1691 1160 τ.

222 1191 374 1240 πίστει.

289 1288 390 1332 432,
408 1274 462 1316 A.
487 1274 558 1326 τῆς
584 1268 626 1315 ἔκ
650 1274 723 1315 τῶν
745 1269 931 1332 ῥημάτων
954 1269 1215 1333 βεβαιωτέρα
1233 1269 1490 1327 καθέστηκεν.
1529 1273 1584 1316 B.
1604 1273 1695 1332 θαρ-

222 1354 288 1411 ρεῖ
305 1347 371 1393 καὶ
395 1351 528 1394 καλεῖ.
565 1352 663 1405 σοφ.
687 1345 727 1392 δὲ
751 1351 876 1391 καλεῖ
891 1344 936 1392 τὸ
959 1367 1048 1410 κηρ.
1072 1344 1117 1392 τὸ
1140 1368 1186 1393 π.
1213 1351 1292 1410 Χρ.

290 1442 392 1485 434,
409 1428 463 1470 Β.
488 1427 776 1469 ΣΕΤΗΡΙΑΝΟῨ
793 1441 804 1469 ε
841 1424 952 1481 Βοίθη
976 1429 1044 1470 τοῦ
1069 1427 1173 1470 Θεοῦ
1191 1420 1296 1471 εἶπεν
1317 1428 1411 1470 haec
1429 1427 1475 1470 in
1492 1443 1626 1485 marg.
1645 1434 1696 1470 ut
1713 1440 1767 1479 15Α

225 1511 268 1548 et
292 1505 442 1562 cyrilli
465 1519 553 1560 seq.
580 1503 725 1546 Schol.
751 1501 770 1547 o‘
802 1499 844 1547 δὲ
868 1502 906 1547 ἐν
928 1500 997 1563 ἀγ.
1029 1502 1254 1564 Γρήγοριος.
1291 1506 1400 1548 Cod.
1427 1501 1629 1563 Θέολογος
1650 1505 1697 1548 in

225 1598 359 1640 marg.
414 1583 473 1624 D.
507 1576 597 1641 ὅπερ
630 1585 756 1637 φησιν
790 1577 858 1624 οῦκ
894 1576 1056 1634 ἔλαβον,
1081 1579 1273 1642 κατήργει
1301 1579 1380 1642 γὰρ
1415 1577 1480 1625 τὸν
1515 1578 1696 1643 σταυρόν.

225 1656 276 1710 ὦς
306 1656 380 1703 ἅνω
411 1663 538 1715 φησιν
566 1653 635 1701 οὗκ
672 1654 709 1702 ἐν
742 1654 869 1718 σοφίᾳ
901 1654 1036 1718 λόγου,
1080 1653 1141 1702 ἵνα
1171 1657 1230 1717 μὴ
1261 1678 1300 1703 κ.
1359 1660 1467 1704 Cod.
1500 1676 1586 1703 om.
1626 1677 1697 1719 ‘ye-

226 1730 385 1794 γονὸτα.

293 1827 393 1871 434,
420 1814 473 1856 Β.
497 1809 547 1862 ὥς
570 1809 705 1857 ε’κεῖνοι
731 1810 768 1856 οἷ
788 1809 987 1872 λέγοντες.
1714 1832 1763 1857 20

294 1901 395 1948 435,
421 1891 474 1933 B.
512 1893 584 1934 τῶν
619 1893 782 1949 στειρῶν
816 1893 889 1945 τῆς
912 1888 1088 1952 Σάρρας.
1143 1892 1194 1934 C.
1222 1887 1477 1935 K‘rpiAAorr:
1514 1887 1698 1950 Ψυχικᾶς

228 1963 338 2011 ε’στιν
368 1966 386 2010 o‘
418 1963 524 2010 κατὰ
560 1966 693 2027 σάρκα
723 1970 791 2022 ζῶν
830 1963 900 2011 καὶ
926 1966 1045 2025 μήπω
1079 1962 1144 2011 τὸν
1175 1970 1255 2012 νοῦν
1286 1964 1502 2024 φωτισθεὶς
1539 1965 1604 2012 διὰ
1631 1971 1699 2013 τοῦ

228 2039 452 2100 πνεύματος
475 2045 558 2087 hoc
583 2046 684 2088 Sch.
708 2046 870 2089 Joanni
894 2044 1050 2102 Chrys.
1074 2046 1264 2102 assignat
1289 2047 1463 2089 (Ecum.
1489 2048 1556 2089 ed.

296 2116 515 2180 Σαρκικοὺς
539 2125 664 2165 καλεῖ
680 2120 704 2176 ἡ
726 2119 866 2181 γραφὴ
889 2117 979 2171 τοὺς
1010 2118 1068 2171 εἷς
1098 2118 1151 2165 τὰ
1174 2125 1247 2177 τῆς
1272 2118 1418 2183 σαρκὸς
1451 2122 1556 2178 πάθη
1580 2142 1701 2168 κατο-

230 2193 517 2250 λισθήσαντας.
553 2192 750 2256 ψυχικοῦς
785 2193 827 2240 δὲ
867 2192 958 2245 τοῦς
992 2193 1100 2256 παρὰ
1139 2200 1212 2251 τῆς
1251 2192 1481 2247 ἀκολουθίας
1519 2200 1593 2241 τῶν
1631 2205 1701 2242 λο-
1716 2214 1763 2252 25

229 2275 386 2331 γισμῶν
408 2269 468 2330 μη
492 2270 538 2327 δὴ
563 2269 918 2333 καταδεχομένους.
949 2270 1239 2331 πνευματικοῦς
1262 2271 1303 2318 δὲ
1327 2271 1418 2324 τοὺς
1443 2277 1499 2336 τῷ
1523 2271 1608 2336 θείῳ
1632 2270 1701 2318 καῖ

230 2351 483 2411 πνευματικῷ
506 2337 738 2410 χαρίσματι
761 2348 1097 2408 κεκοσμημένους.

298 2423 523 2471 ἸΩᾹΝΝοτ.
558 2424 764 2471 τουτέστιν
795 2424 848 2471 τὰ
873 2423 910 2470 ἐν
933 2429 988 2489 τῷ
1023 2429 1070 2488 νῷ
1102 2430 1170 2471 τοῦ
1201 2430 1395 2489 Χριστοῦ,
1419 2432 1548 2473 ταῦτα
1583 2429 1701 2488 ἡμεῖς

233 2500 351 2562 ἴσμεν
373 2498 475 2564 ἅπερ
500 2500 619 2554 αῦτός
642 2501 839 2557 βούλεται
865 2499 932 2547 καῖ
955 2501 1225 2560 ἀπεκάλυψεν.

299 2576 628 2624 Ofxommsior.
655 2574 720 2624 ”H
747 2583 827 2625 νοῦν
850 2583 1030 2641 Χριστοῦ
1053 2577 1118 2625 τὸν
1142 2578 1313 2643 Πατέρα
1336 2587 1468 2628 καλεῖ.
1494 2602 1531 2627 κ.
1557 2602 1595 2628 τ.
1621 2592 1662 2628 λ.
1717 2610 1768 2648 30

299 2669 400 2716 437,
426 2659 478 2701 C.
503 2654 770 2717 τελειούμενον
794 2653 861 2701 καῖ
884 2656 1020 2702 πολλὰ
1044 2654 1159 2719 ἕτερα
1184 2663 1388 2715 συνῆκται.

301 2748 402 2788 440,
426 2735 484 2777 D.
511 2736 639 2777 σῶσαι
664 2736 777 2777 τοῦτο
801 2730 990 2783 θέλοντος.

301 2825 403 2865 441,
428 2811 482 2854 B.
507 2807 577 2854 οὖκ
601 2805 694 2869 ε’μόν
718 2813 919 2870 τοιγαροῦν
942 2807 1185 2871 κατόρθωμα.
1239 2813 1289 2857 C.
1315 2810 1453 2858 τούτου
1478 2809 1669 2872 ἑλώμεθα.

301 2902 401 2943 442,
422 2888 476 2931 A.
502 2881 622 2937 οῦτως
645 2884 687 2931 δὲ
708 2884 883 2948 ἀκριβῶς
908 2884 1151 2948 ἀναγνόντες.
1187 2891 1239 2934 Β.
1259 2885 1376 2941 οῦτως
1402 2888 1442 2935 δὲ
1468 2889 1702 2946 σωθήσεται.
