1904 3346
412 641 905 706 MONITUM
956 641 1424 706 LECTORI.

784 838 802 840 a
814 825 1055 846 -,,4-..-,

186 945 797 1012 COMMENTARIUM
849 961 898 1006 in
947 961 1145 1021 primam
1195 960 1358 1007 sancti
1409 961 1545 1007 Pauli
1595 961 1655 1007 ad

182 1048 451 1095 Corinthios
497 1044 772 1107 Epistolam,
814 1058 957 1104 quem
997 1043 1232 1089 ineditum
1282 1044 1485 1090 antehac
1526 1060 1651 1091 nunc

179 1132 356 1194 publici
379 1131 499 1191 juris
523 1129 733 1182 facimus,
758 1126 892 1173 nobis
928 1125 1249 1187 suppeditavit
1285 1126 1451 1174 Codex
1477 1127 1656 1189 Regius

182 1215 326 1261 Paris.
346 1216 456 1268 227,
476 1213 608 1273 cujus
626 1212 725 1257 haec
744 1215 816 1256 est
834 1225 861 1255 e
880 1208 1109 1271 Catalogo
1129 1209 1407 1270 descriptio:
1446 1215 1472 1235 “
1493 1210 1657 1257 Codex

182 1306 207 1324 “
231 1299 506 1345 chartaceus
529 1295 644 1342 olim
667 1294 959 1356 Bigotianus‚
985 1309 1079 1354 quo
1103 1294 1376 1340 continetur
1400 1294 1583 1340 Catena
1605 1295 1654 1340 in

183 1388 209 1407 “
232 1383 434 1442 primam
477 1378 612 1426 Pauli
648 1378 708 1424 ad
755 1376 1025 1423 Corinthios
1067 1376 1331 1438 Epistolam
1373 1393 1400 1423 e
1439 1384 1658 1424 veterum

183 1470 213 1489 “
238 1464 423 1524 scriptis
447 1462 661 1509 collecta.
689 1459 804 1522 (seq.
829 1459 1098 1506 Auctorum
1123 1460 1348 1520 nomina.)
1419 1460 1467 1506 Is
1491 1459 1658 1507 Codex

182 1553 209 1573 “
233 1548 402 1594 saeculo
427 1547 611 1594 decimo
644 1551 780 1592 sexto
804 1545 990 1591 videtur
1021 1549 1255 1590 exaratus.
1328 1543 1569 1591 Librarius
1605 1546 1655 1590 in

183 1638 210 1657 “
233 1632 395 1692 primis
431 1630 612 1692 paginis
635 1628 874 1675 undecimi
899 1626 1055 1674 saeculi
1088 1627 1367 1687 scripturam
1406 1628 1518 1673 satis
1554 1628 1658 1674 feli-

183 1721 210 1741 “
236 1715 355 1760 citer
395 1714 611 1759 imitatus
652 1713 767 1758 est.''
851 1711 959 1758 Nec
1000 1711 1192 1772 quidem
1235 1711 1550 1758 dubitandum
1587 1718 1660 1758 est

183 1797 310 1843 hunc
352 1796 577 1843 Codicem
618 1811 679 1841 ex
715 1795 1040 1855 antiquissimo
1072 1794 1332 1855 exemplari
1371 1795 1660 1856 descriptum

185 1881 340 1934 fuisse,
365 1880 587 1940 quoniam
620 1878 755 1925 nobis
789 1879 992 1924 servavit
1023 1892 1245 1940 magnam
1277 1882 1463 1938 partem
1490 1879 1658 1939 operis,

185 1964 311 2024 quod
334 1964 437 2023 jam
474 1962 656 2023 pridem
689 1977 787 2007 aevo
816 1961 1120 2022 absumptum
1145 1961 1303 2014 fuisse,
1329 1967 1379 2007 et
1402 1976 1463 2006 ne
1489 1961 1661 2007 Latina

183 2047 377 2107 quidem
443 2046 678 2093 Versione
730 2044 1027 2106 aliquatenus
1083 2051 1337 2099 servatum,
1396 2045 1659 2091 videbatur.

184 2128 404 2190 Origenis
446 2129 551 2175 dico
591 2130 640 2174 in
677 2128 876 2189 primam
920 2127 1083 2174 Sancti
1127 2127 1263 2174 Pauli
1301 2127 1565 2188 Epistolam
1601 2129 1659 2174 ad

182 2212 454 2258 Corinthios
478 2210 837 2258 Commentarii.

251 2294 309 2340 Id
355 2300 546 2340 tantum
589 2294 828 2340 exstitisse
868 2307 1237 2355 cognoveramus
1277 2309 1338 2340 ex
1378 2294 1659 2358 Hieronymi

187 2376 402 2438 Epistola
436 2377 496 2423 ad
533 2375 906 2430 pammachium,
944 2374 1053 2437 (Ep.
1081 2390 1229 2423 xxxl.
1265 2376 1324 2423 al.
1350 2380 1452 2440 LII.)
1477 2379 1562 2424 ubi
1593 2379 1661 2425 ait

186 2476 296 2506 eum
330 2460 525 2506 Patrem
565 2460 788 2506 Ecclesiae
836 2459 978 2505 fuisse
1018 2460 1143 2505 inter
1182 2474 1276 2514 eos,
1314 2461 1396 2521 qui
1438 2460 1560 2507 hanc
1610 2462 1659 2508 S.

187 2542 442 2604 Scripturae
476 2548 661 2604 partem
698 2542 924 2588 latissime
957 2542 1255 2603 interpretati
1289 2543 1397 2589 sint.
1468 2544 1659 2590 Gaude-

186 2639 292 2671 mus
321 2625 467 2686 igitur
501 2625 628 2686 quod
659 2640 785 2671 nunc
816 2625 964 2670 nostri
1000 2623 1188 2671 Codicis
1219 2640 1307 2685 ope
1343 2626 1443 2686 ejus
1479 2627 1661 2687 antiqui

189 2707 440 2768 Scriptoris
466 2707 700 2768 Reliquiae
725 2706 976 2768 ampliores
1006 2722 1211 2753 evasurae
1246 2708 1353 2753 sint.
1416 2708 1532 2755 Post
1556 2709 1662 2756 Ori-

186 2804 358 2849 genem
394 2789 647 2850 saepissime
678 2790 737 2835 ad
773 2794 930 2850 partes
963 2794 1206 2843 vocantur,
1230 2789 1438 2837 Joannes
1462 2791 1663 2854 Chryso-

190 2877 385 2926 stomus,
411 2872 751 2927 Theodoretus‚
779 2877 828 2918 et
857 2871 926 2918 illi
950 2873 1142 2932 quidem
1167 2873 1312 2927 editi3
1347 2873 1514 2920 inediti
1539 2890 1663 2928 vero,

189 2953 408 3014 Cyrillus,
434 2953 729 3009 Severianus,
754 2954 1027 3002 Theodorus
1058 2955 1443 3016 Mopsuestenus.
